@article{Feil2019,
abstract = {In Germany, only approximately 30{\%} by mass of plastics from lightweight packaging waste is recycled; 65{\%} by mass is transferred to inferior residual fractions (sorting residue and mixed plastics), which are currently only utilized thermally. An increase in the recycling of valuable resources in the sense of material recycling would both contribute to the saving of resources and improve the economic situation of plant operators. It is generally known from operating and planning experience that fluctuation in the amount of material loaded into the sorting process is one of the main reasons for suboptimal recycling quotas. In particular, overfilling in the input stream leads to a deterioration of the separation result of the entire process. A novel process control concept envisages equalizing the material flow in such a way that all separation steps are operated in the intended design range. For the example of a lightweight packaging treatment process, the requirements and technological solutions for a sensor-based process control concept will be presented.},
author = {Feil, Alexander and Coskun, Erdogan and Bosling, Marcel and Kaufeld, Sebastian and Pretz, Thomas},
doi = {10.1177/0734242X19826372},
file = {:E$\backslash$:/Jan/Downloads/0734242x19826372.pdf:pdf},
issn = {10963669},
journal = {Waste Management and Research},
keywords = {Sorting,lightweight packaging plants,mechanical–biological waste treatment plants,plastics,process control concept,sensory-based characterization},
number = {2},
pages = {120--126},
pmid = {30678545},
title = {{Improvement of the recycling of plastics in lightweight packaging treatment plants by a process control concept}},
volume = {37},
year = {2019}
}
@book{Gerth2013,
author = {Gerth, Julia},
file = {:C$\backslash$:/Users/Jan/AppData/Local/Mendeley Ltd./Mendeley Desktop/Downloaded/Gerth - 2013 - Produktionswirtschaftliche Beschreibungs- und Optimierungsmodelle f{\"{u}}r die Wertstoffsortierung.pdf:pdf},
isbn = {9783863600976},
keywords = {Abfallwirtschaft,Produktionswirtschaft,Recycling,Sortierverfahren,Wertstoff},
title = {{Produktionswirtschaftliche Beschreibungs- und Optimierungsmodelle f{\"{u}}r die Wertstoffsortierung}},
url = {https://d-nb.info/1072432803/34},
year = {2013}
}
@article{Uepping2013,
author = {Uepping, Ralph},
file = {:C$\backslash$:/Users/Jan/OneDrive - bwedu/Bachelorarbeit/Recherche/2013{\_}RuR{\_}371{\_}383{\_}Uepping.pdf:pdf},
pages = {371--384},
title = {{Sensorgest{\"{u}}tzte Sortiertechnik}},
year = {2013}
}
@article{Fleischhacker2011,
author = {Fleischhacker, Stephanie and Univ, O and Karl, Ing and Lorber, E and Gernot, Dipl.-Ing and Dipl, Kreindl and Curtis, Ing Alex},
file = {:E$\backslash$:/Jan/Downloads/fleischhacker{\_}nir-sortierung-von-gewerbeabfall.pdf:pdf},
title = {{Stoffliche Verwertung von Abf{\"{a}}llen-Einsatz der Nahinfrarot-Sortiertechnik im Bereich von Gewerbeabf{\"{a}}llen erstellt am}},
url = {http://iae.unileoben.ac.at/},
year = {2011}
}
@article{Kuppers2020,
abstract = {According to the Directive (EU) 2018/851 of the European Union, higher recycling rates for municipal waste will have to be met in the near future. Beside improvements to the collection systems, the efficiency of mechanical processing and sorting will have to be increased to reach the EU´s targets. Sensor-based sorting (SBS) plants constitute an integral part of today's sorting processes. Two main factors determine the sorting performance: throughput rate and input composition. To improve recycling efficiencies, especially SBS machines need to be optimized. Three evaluation criteria are used to describe the performance of these processes: recovery (content of input material – both eject and reject material discharged into the product frac-tion) or product quantity (amount of product generated via sorting within a specific interval – calculated by multiplying throughput rate and yield), yield (amount of eject material discharged into the product fraction), and product purity. For this study, 160 sorting experiments each with 1,000 red and white low-density polyethylene (LDPE) chips were conducted to investigate the effects of throughput rate and input composition on sorting processes. This simplified approach reduced the influence of other factors on the sorting performance, giving precise information on the effect of throughput rate and input composition. The testing results can enter process optimization. With increasing throughput rates, product quantity rises following a saturation graph (despite exponential decrease in recovery). In the experiments a higher throughput rate also resulted in an exponential decrease of the yield while a change to the input composition had no such effect. The third evaluation criteria, product pu-rity, decreases linearly with increasing occupation density. The slope of this function depends on the input composition.},
annote = {Erh{\"{o}}hung Durchsatzrate --{\textgreater} exponentielle Abnahme des Ertrags
{\"{A}}nderung der Materialbeschaffenheit --{\textgreater} keinen solchen Effekt


F{\"{u}}r die Kostenrechnung
Vorkonditionierung k{\"{o}}nnte abh{\"{a}}ngig vom Homogenit{\"{a}}tsgrad des Input Materials sein
--{\textgreater} vielleicht ergibt sich daraus ein fester Faktor f{\"{u}}r die Kosten der Vorkonditionierung},
author = {K{\"{u}}ppers, Bastian and Seidler, Irina and Koinig, Gerald and Pomberger, Roland and Vollprecht, Daniel},
doi = {10.31025/2611-4135/2020.13906},
file = {:C$\backslash$:/Users/Jan/AppData/Local/Mendeley Ltd./Mendeley Desktop/Downloaded/K{\"{u}}ppers et al. - 2020 - Influence of throughput rate and input composition on sensor-based sorting efficiency.pdf:pdf},
issn = {26114135},
journal = {Detritus},
keywords = {Input composition,Purity,Recovery,Sensor-based sorting,Sorting efficiency,Throughput rate,Yield},
number = {March},
pages = {59--67},
title = {{Influence of throughput rate and input composition on sensor-based sorting efficiency}},
volume = {9},
year = {2020}
}
@article{Kokoulin2018,
abstract = {In this paper authors describe their results in IoT and Convolutional Neural Networks application in reverse vending machine project. In Europe and United States a reverse vending machine is a device that accepts used (empty) beverage containers and returns money to the user. In Russia we can provide the concept of automatic processing of plastic and metal waste combined with another mechanism for economic motivation of end users - system of discounts and bonuses in large trading networks. These machines have to be as cheap as possible but with rich functionality and security. Traditionally the basics of this machine is assembled with IoT controllers and tiny single-board computers which have heavy memory and computational restrictions. Nevertheless these controllers are able to recognize the waste types using cameras and provide sorting and some kind of preprocessing. We show our CNN implementation on IoT for reverse vending machine.},
author = {Kokoulin, Andrey N. and Tur, Aleksandr I. and Yuzhakov, Aleksandr A.},
doi = {10.1109/EIConRus.2018.8317281},
file = {:E$\backslash$:/Jan/Downloads/08317281.pdf:pdf},
isbn = {9781538643396},
journal = {Proceedings of the 2018 IEEE Conference of Russian Young Researchers in Electrical and Electronic Engineering, ElConRus 2018},
keywords = {Convolutional neural network,Histogram of oriented gradients,IoT,Reverse vending machine},
pages = {1094--1098},
publisher = {IEEE},
title = {{Convolutional neural networks application in plastic waste recognition and sorting}},
volume = {2018-Janua},
year = {2018}
}
@book{Leyendecker2016,
author = {Leyendecker, Bert},
booktitle = {VDI-Z Integrierte Produktion},
doi = {10.3139/9783446439924.022},
file = {:E$\backslash$:/Jan/Downloads/2017{\_}Book{\_}StatistischeVersuchsplanung.pdf:pdf},
isbn = {9783662557426},
issn = {03417255},
number = {11},
pages = {72--73},
title = {{Statistische Versuchsplanung}},
volume = {158},
year = {2016}
}
@book{Rudolph,
author = {Rudolph, Natalie},
file = {:C$\backslash$:/Users/Jan/AppData/Local/Mendeley Ltd./Mendeley Desktop/Downloaded/Rudolph - 2020 - Einf{\"{u}}hrung Kunststoffrecycling.pdf:pdf},
isbn = {9783446458802},
keywords = {Buch: ISBN 978-3-446-45880-2,eBook: ISBN 978-3-446-46128-4},
publisher = {Carl Hanser Verlag M{\"{u}}nchen},
title = {{Einf{\"{u}}hrung Kunststoffrecycling}},
year = {2020}
}
@article{Porten2014,
annote = {Wichtige Einflussfaktoren (in diesem Fall):

- Wichtigster Einflussfaktor: Materialbeschaffenheit
Homogenit{\"{a}}tsgrad
Sortierbarkeit (optische Unterscheidbarkeit)

(Vorkonditionierung)

1. Fixkosten (Anschaffungskosten der Anlage und ggf. Modifikationen 
+ Geb{\"{a}}udenutzung
+ Versicherung
+ Zinsen, Reparaturen

2. Leistungsparameter 
Durchsatzleistung (Soll- vs. Nennleistung)

3. Variable Kosten
Energie, Wasser, Lohn, Druckluft

4. Softwarekosten

5. Endprodukt werthaltiger?
(In anderem Weinartikel wurde Qualit{\"{a}}tszuwachs untersucht)},
author = {Porten, Matthias and Feltes, Jakob},
file = {:E$\backslash$:/Jan/Downloads/DDWm 2014 (14) 19-23 - Kosten Sortierung (1).pdf:pdf},
journal = {Das Deutsche Weinmagazin},
title = {{Anschaffung von Sortieranlagen}},
year = {2014}
}
@article{Fuchs2020,
author = {Fuchs, Tobias and Flitter, M Sc Merle},
file = {:C$\backslash$:/Users/Jan/OneDrive - bwedu/Bachelorarbeit/Recherche/Bachelorarbeit Tobias Fuchs.pdf:pdf},
title = {{Konstruktionstechnische Analyse , Weiterentwicklung und Validierung einer Pneumatischen Ausschleuseinheit zur automatischen Sortierung heterogener Materialstr{\"{o}}me Declaration / Erkl ¨ arung}},
year = {2020}
}

@article{EuropaischeKommission2018,
author = {{Europ{\"{a}}ische Kommission}},
file = {:C$\backslash$:/Users/Jan/OneDrive - bwedu/Bachelorarbeit/Recherche/EU{\_}Strategie{\_}Kunststoffe{\_}in{\_}der{\_}Kreislaufwirtschaft.pdf:pdf},
pages = {1--21},
title = {{MITTEILUNG DER KOMMISSION AN DAS EUROP{\"{A}}ISCHE PARLAMENT, DEN RAT, DEN EUROP{\"{A}}ISCHEN WIRTSCHAFTS- UND SOZIALAUSSCHUSS UND DEN AUSSCHUSS DER REGIONEN Eine europ{\"{a}}ische Strategie f{\"{u}}r Kunststoffe in der Kreislaufwirtschaft}},
year = {2018}
}

@book{Bilitewski,
author = {Bilitewski, Bernd},
file = {:C$\backslash$:/Users/Jan/AppData/Local/Mendeley Ltd./Mendeley Desktop/Downloaded/Bilitewski - Unknown - Abfallwirtschaft.pdf:pdf},
isbn = {9783540795308},
title = {{Abfallwirtschaft}}
}

@article{Abfallrahmenrichtlinie,
abstract = {RichtLINIE 93/42/EWG heutige version},
file = {:C$\backslash$:/Users/Jan/OneDrive - bwedu/Bachelorarbeit/Recherche/Verpackungsrichtlinie-EU.pdf:pdf},
isbn = {978-92-79-44435-7},
journal = {Unsorted},
number = {726},
pages = {1--65},
title = {{RICHTLINIE 94/62/EG DES EUROP{\"{A}}ISCHEN PARLAMENTS UND DES RATES vom 20. Dezember 1994 {\"{u}}ber Verpackungen und Verpackungsabf{\"{a}}lle}},
volume = {55},
year = {2007}
}

@article{DESTATIS2018,
author = {DESTATIS},
file = {:C$\backslash$:/Users/Jan/OneDrive - bwedu/Bachelorarbeit/Recherche/abfallbilanz-pdf-5321001.pdf:pdf},
journal = {Statistisches Bundesamt DESTATIS},
keywords = {Abfall,Abfallaufkommen,Abfallbilanz,Abfallintensit{\"{a}}t,Bilanz,M{\"{u}}ll,Umwelt,Unrat,Wirtschaftszweige},
number = {0},
pages = {2},
title = {{Umwelt - Abfallbilanz}},
volume = {49},
year = {2018}
}

@Misc{EUWaste,
title = {Abfallwirtschaft in der EU: Zahlen und Fakten (Europäisches Parlament)},
note = {Eingesehen am 02.01.2021},
url = {https://www.europarl.europa.eu/news/de/headlines/society/20180328STO00751/abfallwirtschaft-in-der-eu-zahlen-und-fakten},
howpublished = "\url{https://www.europarl.europa.eu/news/de/headlines/society/20180328STO00751/abfallwirtschaft-in-der-eu-zahlen-und-fakten}",
}

@Misc{BMU,
title = {Das BMU klärt auf zum Thema Plastikrecycling},
note = {Eingesehen am 03.01.2021},
url = {https://www.bmu.de/en/report/das-bmu-klaert-auf-zum-thema-plastikrecycling/},
howpublished = "\url{https://www.bmu.de/en/report/das-bmu-klaert-auf-zum-thema-plastikrecycling/}",
}

@article{EURichtlinie2008,
author = {{EU Richtlinie}},
file = {:C$\backslash$:/Users/Jan/OneDrive - bwedu/Bachelorarbeit/Recherche/Abfallrahmenrichtlinie-EU.pdf:pdf},
pages = {3--30},
title = {{Europ{\"{a}}ische Abfallrahmenrichtlinie 2008/98/EG}},
year = {2008}
}

@article{VerpackG2017,
abstract = {zur Fortentwicklung der haushaltsnahen Getrennterfassung von wertstoffhaltigen Abf{\"{a}}llen 1) 2) Vom ({\ldots}) Der Bundestag hat das folgende Gesetz beschlossen: Artikel 1 Gesetz {\"{u}}ber das Inverkehrbringen, die R{\"{u}}cknahme und die hochwertige Verwertung von Verpackungen (Verpackungsgesetz – VerpackG) A b s c h n i t t 1 A l l g e m e i n e V o r s c h r i f t e n 1 Abfallwirtschaftliche Ziele (1) Dieses Gesetz legt Anforderungen an die Produktverantwortung nach 23 des Kreislaufwirtschaftsgesetzes f{\"{u}}r Verpackungen fest. Es bezweckt, die Auswirkungen von Verpackungsabf{\"{a}}llen auf die Umwelt zu vermeiden oder zu verringern. Um dieses Ziel zu erreichen, soll das Gesetz das Verhalten der Verpflichteten so regeln, dass Verpackungsabf{\"{a}}lle vorrangig vermieden und dar{\"{u}}ber hinaus einer Vorbereitung zur Wiederverwendung oder dem Recycling zugef{\"{u}}hrt werden. Dabei sollen die Marktteilnehmer vor unlauterem Wettbewerb gesch{\"{u}}tzt werden. (2) Durch eine gemeinsame haushaltsnahe Sammlung von Verpackungsabf{\"{a}}llen und weiteren stoffgleichen Haushaltsabf{\"{a}}llen sollen zus{\"{a}}tzliche Wertstoffe f{\"{u}}r ein hochwertiges Recycling gewonnen werden. 1) Artikel 1 dieses Gesetzes dient der Umsetzung der Richtlinie 94/62/EG des Europ{\"{a}}ischen Parlaments und des Rates vom 20. Dezember 1994 {\"{u}}ber Verpackungen und Verpackungsabf{\"{a}}lle (ABl. L 365 vom 31.12.1994, S. 10), die zuletzt durch die Richtlinie 2015/720/EU des Europ{\"{a}}ischen Parlaments und des Rates vom 29. April 2015 (ABl. L 115 vom 6.5.2015, S. 11) ge{\"{a}}ndert wurde. 2) Notifiziert gem{\"{a}}{\ss} der Richtlinie (EU) 2015/1535 des Europ{\"{a}}ischen Parlaments und des Rates vom 9. September 2015 {\"{u}}ber ein Informationsverfahren auf dem Gebiet der Normen und technischen Vorschriften und der Vorschriften f{\"{u}}r die Dienste der Informationsgesellschaft (ABl. L 241 vom 17.9.2015, S. 1).},
author = {VerpackG},
file = {:C$\backslash$:/Users/Jan/OneDrive - bwedu/Bachelorarbeit/Recherche/VerpackG.pdf:pdf},
number = {4},
pages = {VerpackG},
title = {{Gesetz {\"{u}}ber das Inverkehrbringen, die R{\"{u}}cknahme und die hochwertige Verwertung von Verpackungen (Verpackungsgesetz - VerpackG)}},
url = {www.gesetze-im-internet.de},
year = {2017}
}

@article{Änderung94,
file = {:C$\backslash$:/Users/Jan/OneDrive - bwedu/Bachelorarbeit/Recherche/{\"{A}}nderungen{\_}94-62-EG.pdf:pdf},
number = {November 2008},
pages = {141--154},
title = {{Richtlinie 2018/852}},
volume = {2018},
year = {2018}
}

@book{Siebertz2016,
author = {Siebertz, Karl and van Bebber, David and Hochkirchen, Thomas},
booktitle = {VDI-Z Integrierte Produktion},
doi = {10.3139/9783446439924.022},
file = {:E$\backslash$:/Jan/Downloads/2017{\_}Book{\_}StatistischeVersuchsplanung.pdf:pdf},
isbn = {9783662557426},
issn = {03417255},
publisher = {Springer Vieweg},
title = {{Statistische Versuchsplanung}},
volume = {2},
year = {2017}
}

@article{DoE_MSW,
abstract = {Deriving significant experiment-based conclusions on mechanical processing of mixed solid waste is challenging: the input material cannot be downscaled in a way that enables drawing transferable conclusions from lab-scale experiments. Hence experiments need to be conducted in industry-scale, using real waste. Besides the enormous resulting experimental efforts and costs, which economically limit the number of experimental runs, identifying and quantifying significant effects is complicated by the distortion of the data introduced by the waste's variability. The distortion is particularly high for cases where sampling is necessary and in experiments where material cannot be re-used from one run to the next. In the latter case, inter-experimental differences of the waste add to the distortion of the data. In this work, a systematic approach for deriving representative and significant results at the minimum possible effort is described and evaluated, based on the method of Design of Experiments. It is applied to a 32 runs D-optimal industry-scale coarse-shredding experiment with mixed commercial solid waste, based on a reduced cubic design model, examining the influence of the gap width, shaft rotation speed, and cutting tool geometry on the throughput behavior and energy demand. The resulting models are highly significant (model p-values {\textless} 0.0001), proving the ability to extract reliable information from industry-scale waste processing experiments. Concerning commercial waste shredding, the models provide new insights into process behavior, for example, the quadratic dependence of the mass flow on the shaft rotation speed, with the highest hourly mass flows at 84{\%} of the maximum shaft rotation speed.},
author = {Khodier, K and Feyerer, C and M{\"{o}}llnitz, S and Curtis, A and Sarc, R},
doi = {10.1016/j.wasman.2020.12.015},
file = {:E$\backslash$:/Jan/Downloads/1-s2.0-S0956053X20307042-main.pdf:pdf},
issn = {18792456},
journal = {Waste Management},
keywords = {Design of Experiments,Mechanical processing,Mixed solid waste,Multilinear model,Significance,Waste treatment},
pages = {164--174},
pmid = {33360815},
publisher = {Elsevier Ltd},
title = {{Efficient derivation of significant results from mechanical processing experiments with mixed solid waste: Coarse-shredding of commercial waste}},
url = {https://doi.org/10.1016/j.wasman.2020.12.015},
volume = {121},
year = {2021}
}

@article{Qin2009,
abstract = {The electrostatic separation has proved to be an effective and environment-friendly treatment for the recovery of crushed waste printed circuit boards (PCBs). In this paper a more sophisticated response surface methodology was applied to build quadratic models and optimize the three main factors on a roll-type electrostatic separator. The sample of granular mixture got from crushed PCB wastes (size 0.3-0.45 mm, containing 25{\%} metal and 75{\%} nonmetal). According to the analysis of the experiment data, some quadratic effects were found, and two quadratic models for conductor production (C) and middling production (M) were established. The results indicated that the high voltage level and roll speed are the most important factors for the process. Because of the existence of the quadratic effect, the highest efficiency can also be achieved at a lower voltage level (27-29 kV) compared with a maximum voltage level. {\textcopyright} 2009 Elsevier B.V. All rights reserved.},
author = {Qin, Yufei and Wu, Jiang and Zhou, Quan and Xu, Zhenming},
doi = {10.1016/j.jhazmat.2009.01.088},
file = {:E$\backslash$:/Jan/Downloads/1-s2.0-S0304389409001320-main.pdf:pdf},
issn = {03043894},
journal = {Journal of Hazardous Materials},
keywords = {Corona electrode separator,Response surface methodology,Waste printed circuit boards},
number = {1-3},
pages = {1038--1043},
pmid = {19250745},
title = {{Quadratic nonlinear models for optimizing electrostatic separation of crushed waste printed circuit boards using response surface methodology}},
volume = {167},
year = {2009}
}

